
@book{alpaydin,
  author={Alpaydin, Ethem},  
  title={Introduction to machine learning},
  publisher={MIT press},
  year={2004}.
}
@book{ng,
  author={Ng, Andrew},  
  title={Machine Learning. Multiclass Classifier: One-vs-All},
  url={https://class.coursera.org/ml-005/lecture/38}.
}
